@manual{anleitung500,
author = "TU Dortmund",
title = "Versuchsanleitung zu Versuch Nr. 500 Der Photoeffekt",
year = 2016,
url = "anleitung207",
version = "16.05.17"
}

@Misk{scipy,
  author =    {Eric Jones and Travis Oliphant and Pearu Peterson and others},
  title =     {{SciPy}: Open source scientific tools for {Python}},
  year =      {2001--},
  url = "http://www.scipy.org/",
  note = {[Online; accessed 2017-05-21]}
}
