@manual{anleitung311,
author = "TU Dortmund",
title = "Versuchsanleitung zu Versuch Nr. 311 Hall-Effekt und Elektrizitätsleitung bei Metallen",
year = 2016,
url = "http://129.217.224.2/HOMEPAGE/PHYSIKER/BACHELOR/AP/SKRIPT/V311.pdf"
}

@manual{anleitung201,
author = "TU Dortmund",
title = "Versuchsanleitung zu Versuch Nr. 201 Das Dulong-Petitsche Gesetz",
year = 2016,
url = "http://129.217.224.2/HOMEPAGE/PHYSIKER/BACHELOR/AP/SKRIPT/V201.pdf"
}

@book{hyste,
author = "Wolfgang Schenk, Friedrich Kremer",
title = "Physikalisches Praktikum",
publisher="Springer-Verlag",
year = "2016",
edition="14"
}

@book{dem2,
author = "Wolfgang Demtröder",
title = "Experimentalphysik 2",
publisher="Springer-Spektrum",
year = "2013",
edition="6"
}
