@manual{anleitung302,
author = "TU Dortmund", % alternativ {...} statt "..." möglich
title = "Versuchsanleitung zu Versuch Nr. 302 Elektrische Brückenschaltungen",
year = 2016,
url = "http://129.217.224.2/HOMEPAGE/PHYSIKER/BACHELOR/AP/SKRIPT/V302.pdf"
}
