@book{rtm,
author = "R.Howland, L. Benatar",
title = "A Practical Guide to Scanning Probe Microscopy",
year = 1996,
publisher = "Park Scientific"
}

@manual{rtm_1,
author = "Nanosurf AG",
title = "easyScan, STM SYSTEM",
year = 1998,
publisher = "SCHAEFER"
}

@online{hopg,
author ="AIST-NT",
title = "HOPG",
url = "http://nanoprobes.aist-nt.com/apps/HOPG%20info.htm",
note = " Besucht am 09.12.17"
}

@online{tunnel,
author ="Felix Kling",
title = "Tunneleffekt: Qualitativer Verlauf der Wellenfunktion, Welle trifft von links auf Potentialbarriere",
url = "https://commons.wikimedia.org/wiki/File:TunnelEffektKling1.png",
note = " Besucht am 09.12.17"
}

@online{piezo,
author ="Herr Prof. Loidl",
title = "Piezo- und Pyroelektrizit√§t",
url = "http://werkstoffe.e-learning.imb-uni-augsburg.de/node/1401",
note = " Besucht am 09.12.17"
}

@manual{anleitung_frankfurt,
author = "Janet Schmidt",
title = "Rastertunnelmikroskopie",
year = 2010,
publisher = "Uni Frankfurt",
url="http://iaprfq.physik.uni-frankfurt.de/PDF/Versuche_files/Tunnelmikroskop.pdf",
note = " Besucht am 09.12.17"
}
