@book{dem2,
author = "Wolfgang Demtr√∂der",
title = "Experimentalphysik 2",
publisher="Springer-Spektrum",
year = "2013",
edition="6"
}

@manual{anleitung,
  author       = {LD Didactic GmbH},
  title        = {Superconductivity },
  year         = {2006},
  url          = {https://www.ld-didactic.de/literatur/hb/e/p7/p7261_e.pdf}
}

@online{wiki,
  title        = {Vierleitermessung},
  year         = {13.12.2016},
  url          = {https://de.wikipedia.org/wiki/Vierleitermessung},
  urldate      = {10.04.2017}
}
