@BOOK{einf√ºhrung_praktikum,
author = "H.J. Eichler et al",
title = "Das neue Physikalische  Grundpraktikum",
publisher = "Springer-Verlag Berlin Heidelberg"
year = 2016,

}
