@manual{anleitung70,
author = "TU Dortmund",
title = "Versuchsanleitung zu Versuch Nr. 70 Leitfaden zum Vakuumversuch",
year = 2017,
url = "http://129.217.224.2/HOMEPAGE/PHYSIKER/BACHELOR/FP/SKRIPT/LeitfadenV70.pdf"

}

@online{wiki,
  author = {Wikipedia},
  title = {Vakuum},
  year = 2017,
  url = {https://de.wikipedia.org/wiki/Vakuum},
  urldate = {2017-11-11}
}


@book{dem1,
author = "Wolfgang Demtr√∂der",
title = "Experimentalphysik 1",
edition = "6",
publisher = "Springer Spektrum",
year = "2012",
adress = "Kaiserslautern"
}

@Misk{scipy,
  author =    {Eric Jones and Travis Oliphant and Pearu Peterson and others},
  title =     {{SciPy}: Open source scientific tools for {Python}},
  year =      {2001--},
  url = "http://www.scipy.org/",
  note = {[Online; accessed 2017-11-30]}
}
