@manual{anleitung201,
author = "TU Dortmund",
title = "Versuchsanleitung zu Versuch Nr. 201 Das Dulong-Petitsche Gesetz",
year = 2016,
url = "http://129.217.224.2/HOMEPAGE/PHYSIKER/BACHELOR/AP/SKRIPT/V201.pdf"
}

@book{lit_dichte,
author = "Wolfgang Schenk, Friedrich Kremer",
title = "Physikalisches Praktikum",
publisher="Springer-Verlag",
year = "2016",
edition="14"
}
