@manual{anleitung503,
author = "TU Dortmund",
title = "Versuchsanleitung zu Versuch Nr. 503 Der Millikan-Öltröpfchenversuch",
year = 2017,
url = "http://129.217.224.2/HOMEPAGE/PHYSIKER/BACHELOR/AP/SKRIPT/Millikan.pdf",
version = 28.05.2017
}
