@manual{anleitung27,
author = "TU Dortmund",
title = "Versuchsanleitung zu Versuch Nr. V27 Der Zeeman-Effekt",
year = 2017,
url = "http://129.217.224.2/HOMEPAGE/PHYSIKER/BACHELOR/FP/SKRIPT/V27.pdf",
version = "22.10.17"
}

@online{luckyjosh,
author = "Joshua Luckey",
title = "Der Zeeman-Effekt",
url = "https://github.com/LuckyJosh/PhysikFP2015",
version = "28.10.2017"
}
