@manual{anleitung703,
author = "TU Dortmund",
title = "Versuchsanleitung zu Versuch Nr. 703 Das Geiger-Müller-Zählrohr ",
url = "http://129.217.224.2/HOMEPAGE/PHYSIKER/BACHELOR/AP/SKRIPT/V703.pdf",
version = "25.04.2017"
}
@Misk{uncertainties,
  author =    {Eric O. LEBIGOT},
  title =     {{Uncertainties}: a {Python} package for calculations with uncertainties},
  url = " http://pythonhosted.org/uncertainties/",
  note = {[Online; accessed 2017-04-18]}
}

@Misk{scipy,
  author =    {Eric Jones and Travis Oliphant and Pearu Peterson and others},
  title =     {{SciPy}: Open source scientific tools for {Python}},
  year =      {2001--},
  url = "http://www.scipy.org/",
  note = {[Online; accessed 2017-04-18]}
}
@online{indium_halb,
  author       = {René Rausch},
  title        = {Das Periodensystem der Elemente online},
  year         = {2010--},
  url          = {http://www.periodensystem-online.de/index.php?id=isotope&el=49&mz=116&nrg=0.1273&show=nuklid},
  urldate      = {18.04.2017}
}
