@manual{anleitung401,
author = "TU Dortmund",
title = "Versuchsanleitung zu Versuch Nr. 401 Das Michelson-Interferometer",
url = "http://129.217.224.2/HOMEPAGE/PHYSIKER/BACHELOR/AP/SKRIPT/V401.pdf",
version = 02.05.17
}

@Misk{uncertainties,
  author =    {Eric O. LEBIGOT},
  title =     {{Uncertainties}: a {Python} package for calculations with uncertainties},
  url = " http://pythonhosted.org/uncertainties/",
  note = {[Online; accessed 2017-04-18]}
}
