@manual{anleitung27,
author = "TU Dortmund",
title = "Versuchsanleitung zu Versuch Nr. V27 Der Zeeman-Effekt",
year = 2017,
url = "http://129.217.224.2/HOMEPAGE/PHYSIKER/BACHELOR/FP/SKRIPT/V27.pdf",
version = "22.10.17"
}

@online{luckyjosh,
  author = {Joshua Luckey}
  title = {Der Zeeman-Effekt},
  year = 2016,
  url = {https://github.com/LuckyJosh/PhysikFP2015},
  version = "28.10.2017"
}

@online{sehen,
  author = "Lehrstuhl für Didaktik der Physik
  Ludwig-Maximilians-Universität München",
  title = {Sehen},
  year = 2017,
  url = {https://www.didaktik.physik.uni-muenchen.de/archiv/inhalt_materialien/phy_med_opt/lehrerinfo_optik.pdf},
  version = "08.06.17"
}
