@manual{anleitung354,
author = "TU Dortmund",
title = "Versuchsanleitung zu Versuch Nr. 354 Ged√§mpfte und Erzwungene Schwingungen",
url = "http://129.217.224.2/HOMEPAGE/PHYSIKER/BACHELOR/AP/SKRIPT/V354.pdf",
version = "31.01.2017"
}

@Misk{uncertainties,
  author =    {Eric O. LEBIGOT},
  title =     {{Uncertainties}: a {Python} package for calculations with uncertainties},
  url = " http://pythonhosted.org/uncertainties/",
  note = {[Online; accessed 2017-01-22]}
}

@Misk{scipy,
  author =    {Eric Jones and Travis Oliphant and Pearu Peterson and others},
  title =     {{SciPy}: Open source scientific tools for {Python}},
  year =      {2001--},
  url = "http://www.scipy.org/",
  note = {[Online; accessed 2017-01-22]}
}
