@manual{anleitung01,
author = "TU Dortmund", % alternativ {...} statt "..." möglich
title = "Versuchsanleitung zu Versuch Nr. 206 Die Wärmepumpe",
year = 2016,
url = "http://129.217.224.2/HOMEPAGE/PHYSIKER/BACHELOR/AP/SKRIPT/V206.pdf"
}
