@manual{anleitung702,
author = "TU Dortmund",
title = "Versuchsanleitung zu Versuch Nr. 702 Aktivierung mit Neutronen",
url = "http://129.217.224.2/HOMEPAGE/PHYSIKER/BACHELOR/AP/SKRIPT/V702.pdf",
version = "18.04.2017"
}
