@manual{anleitung61,
author = "TU Dortmund",
note= "Besucht am 28.12.17",
title = "Versuchsanleitung zu Versuch Nr. 61 Der Helium-Neon-Laser",
year = 2017,
url = "http://129.217.224.2/HOMEPAGE/PHYSIKER/BACHELOR/FP/SKRIPT/V61.pdf"
}

@online{wiki,
author ="Wikipedia",
title = "Helium-Neon-Laser",
url = "https://de.wikipedia.org/wiki/Helium-Neon-Laser",
note = "Besucht am 02.01.18"
}

@book{dem,
author = "Wolfgang Demtr√∂der",
title = "Laserspektroskopie 1",
year = 2011,
edition = 6,
publisher = "Springer Verlag"
}

@Misk{scipy,
  author =    {Eric Jones and Travis Oliphant and Pearu Peterson and others},
  title =     {{SciPy}: Open source scientific tools for {Python}},
  year =      {2001--},
  url = "http://www.scipy.org/",
  note = {[Online; accessed 2017-12-27]}
  }
