@manual{anleitung207,
author = "TU Dortmund",
title = "Versuchsaasdnleitung zu Versuch Nr. 207 Das Kugelfallviskosimeter nach Höppler",
year = "2016",
url = "http://129.217.224.2/HOMEPAGE/PHYSIKER/BACHELOR/AP/SKRIPT/Viskositaet.pdf"
}

@book{lit_dichte,
author = "Wolfgang Schenk, Friedrich Kremer",
title = "Physikalisches Praktikum",
publisher="Springer-Verlag",
year = "2016",
edition="14"
}

@online{rey,
author = "Björn Hof",
title = "Die Lösung eines alten Rätsels: Der kritische Punkt der Rohrströmung",
year = "2012",
url = "http://www.ds.mpg.de/148307/research_report_4804411"
}

@online{wiki,
title = "Kugelfallviskosimeter",
year = "2016",
url = "https://de.wikipedia.org/wiki/Kugelfallviskosimeter"
}
