@manual{anleitung601,
author = "TU Dortmund",
title = "Versuchsanleitung zu Versuch Nr. 601 Der Franck-Hertz-Versuch",
year = 2017,
url = "http://129.217.224.2/HOMEPAGE/PHYSIKER/BACHELOR/AP/SKRIPT/V601.pdf",
version = "31.05.17"
}
@Misk{uncertainties,
  author =    {Eric O. LEBIGOT},
  title =     {{Uncertainties}: a {Python} package for calculations with uncertainties},
  url = " http://pythonhosted.org/uncertainties/",
  note = {[Online; accessed 2017-04-18]}
}

@Misk{scipy,
  author =    {Eric Jones and Travis Oliphant and Pearu Peterson and others},
  title =     {{SciPy}: Open source scientific tools for {Python}},
  year =      {2001--},
  url = "http://www.scipy.org/",
  note = {[Online; accessed 2017-04-18]}
}
@online{anreg,
  author       = {Mira Prior},
  title        = {Der Franck-Hertz-Versuch},
  year         = {2011},
  url          = {https://lp.uni-goettingen.de/get/text/1612},
  urldate      = {04.06.2017}
}
@book{ioni,
  author    = {Diels. K., Jaekke. R.},
  title     = {Leybold Vakuum-Taschenbuch},
  year      = {1962},

  volume    = {2}
}
