@manual{anleitung356,
author = "TU Dortmund",
title = "Versuchsanleitung zu Versuch Nr. 356 Kettenschaltungen mit LC-Gliedern",
year = 2016,
url = "http://129.217.224.2/HOMEPAGE/PHYSIKER/BACHELOR/AP/SKRIPT/V356.pdf"
}
@Misk{uncertainties,
  author =    {Eric O. LEBIGOT},
  title =     {{Uncertainties}: a {Python} package for calculations with uncertainties},
  url = " http://pythonhosted.org/uncertainties/",
  note = {[Online; accessed 2017-01-22]}
}

@Misk{scipy,
  author =    {Eric Jones and Travis Oliphant and Pearu Peterson and others},
  title =     {{SciPy}: Open source scientific tools for {Python}},
  year =      {2001--},
  url = "http://www.scipy.org/",
  note = {[Online; accessed 2017-01-22]}
}
