@manual{anleitung353,
author = "TU Dortmund",
title = "Versuchsanleitung zu Versuch Nr. 353 Das Relaxationsverhalten eines RC-Kreises",
year = 2016,
url = "http://129.217.224.2/HOMEPAGE/PHYSIKER/BACHELOR/AP/SKRIPT/V353.pdf"
}
