@manual{anleitung207,
author = "TU Dortmund",
title = "Versuchsanleitung zu Versuch Nr. 207 Das Kugelfallviskosimeter nach HÃ¶ppler",
year = 2016,
url = "http://129.217.224.2/HOMEPAGE/PHYSIKER/BACHELOR/AP/SKRIPT/Viskositaet.pdf"
}

@online{luckyjosh,
author = "Joshua Luckey",
title = "Tomographie mit Gamma-Strahlung",
url = "https://github.com/LuckyJosh/PhysikFP2015/tree/master/01_TomographieGamma%5BX%5D",
version = "20.01.2018"
}
