@manual{anleitung602,
author = "TU Dortmund",
title = "Versuchsanleitung zu Versuch Nr. 602 Röngenemission und -absorption",
year = 2016,
url = "http://129.217.224.2/HOMEPAGE/PHYSIKER/BACHELOR/AP/SKRIPT/RoentgenAbs.pdf"
}

@manual{anleitung602i,
author = "TU Dortmund",
title = "Versuchsanleitung zu Versuch Nr. 602 Röngenemission und -absorption",
year = 2016,
url = "http://129.217.224.2/HOMEPAGE/PHYSIKER/BACHELOR/AP/SKRIPT/V602.pdf"
}

@book{dem,
author = "Wolfgang Demtröder",
title = "Experimentalphysik 3",
edition = "5",
publisher = "Springer Spektrum",
year = "2015",
adress = "Kaiserslautern"
}
