@manual{anleitung408,
author = "TU Dortmund",
title = "Versuchsanleitung zu Versuch Nr. 408 Geometrische Optik",
year = 2017,
url = "http://129.217.224.2/HOMEPAGE/PHYSIKER/BACHELOR/AP/SKRIPT/V408.pdf",
}

@book{tafelwerk,
  author    = {Prof. Dr. Lothar Meyer},
  title     = {Das gro√üe Tafelwerk interaktiv 2.0},
  year      = {2013},

  volume    = {1},
  edition   = {},
  series    = {2},
  number    = {},
  publisher = {Corneslon Verlag, Berlin},
  note      = {},
  isbn      = {978-3-06-001609-9}
}
