@manual{anleitung01,
author = "TU Dortmund", % alternativ {...} statt "..." möglich
title = "Versuchsanleitung zu Versuch Nr. 101 Das Trägheitsmoment",
year = 2016,
url = "http://129.217.224.2/HOMEPAGE/PHYSIKER/BACHELOR/AP/SKRIPT/Traegheit.pdf"
}
