@manual{anleitung355,
author = "TU Dortmund",
title = "Versuchsanleitung zu Versuch Nr. 355 Gekoppelte Schwingkreise",
year = 2016,
url = "http://129.217.224.2/HOMEPAGE/PHYSIKER/BACHELOR/AP/SKRIPT/V355.pdf"
}
