@manual{anleitung203,
author = "TU Dortmund", % alternativ {...} statt "..." möglich
title = "Versuchsanleitung zu Versuch Nr. 203 Die Wärmepumpe",
year = 2016,
url = "http://129.217.224.2/HOMEPAGE/PHYSIKER/BACHELOR/AP/SKRIPT/V203.pdf"
}
@manual{anleitung206,
author = "TU Dortmund", % alternativ {...} statt "..." möglich
title = "Versuchsanleitung zu Versuch Nr. 206 Die Wärmepumpe",
year = 2016,
url = "http://129.217.224.2/HOMEPAGE/PHYSIKER/BACHELOR/AP/SKRIPT/V206.pdf"
}

@Misc{scipy,
  author =    {Eric Jones and Travis Oliphant and Pearu Peterson and others},
  title =     {{SciPy}: Open source scientific tools for {Python}},
  year =      {2001--},
  url = "http://www.scipy.org/"
}

@book{demtröder,
author = "Wolfgang Demtröder", % alternativ {...} statt "..." möglich
title = "Experimentalphysik 1",
publisher = "Springer-Sprektrum",
year = 2014,
}
